@article{Barley1988,
author = {Barley, Stephen R. and Meyer, Gordon W. and Gash, Debra C.},
doi = {10.2307/2392854},
journal = {Administrative Science Quarterly},
number = {1},
pages = {1--24},
title = {{Cultures of Culture: Academics, Practitioners and the Pragmatics of Normative Control}},
volume = {33},
year = {1988}
}

@article{Beyer1992,
author = {Beyer, Janice M.},
doi = {10.1287/orsc.3.4.467},
journal = {Organization Science},
number = {4},
pages = {467--474},
title = {{Metaphors, misunderstandings and mischief: A commentary}},
volume = {3},
year = {1992}
}

@article{Bucchi1996,
author = {Bucchi, Massimiano},
doi = {10.1088/0963-6625/5/4/005},
journal = {Public Understanding of Science},
number = {4},
pages = {375--394},
title = {{When scientists turn to the public: Alternative routes in science communication}},
volume = {5},
year = {1996}
}

@article{Chang2009,
author = {Chang, Shann Bin and Lai, Kuei Kuei and Chang, Shu Min},
doi = {10.1016/j.techfore.2008.03.014},
journal = {Technological Forecasting and Social Change},
keywords = {Basic patent,Patent,Patent citation,Technology diffusion},
number = {1},
pages = {107--117},
publisher = {North-Holland},
title = {{Exploring technology diffusion and classification of business methods: Using the patent citation network}},
volume = {76},
year = {2009}
}

@article{Dickinson2001,
author = {Dickinson, M.W. and Thornton, A.C. and Graves, Stephen},
doi = {10.1109/17.969428},
journal = {IEEE Transactions on Engineering Management},
keywords = {Portfolio management,Product development},
number = {4},
pages = {518--527},
title = {{Technology portfolio management: optimizing interdependent projects over multiple time periods}},
volume = {48},
year = {2001}
}


@misc{Fenn2017,
author = {Fenn, Jackie and Raskino, Mark and Burton, Betsy},
pages = {1--35},
publisher = {Gartner, Inc.},
title = {{Understanding Gartner's Hype Cycles}},
url = {https://www.gartner.com/doc/2538815/understanding-gartners-hype-cycles},
urldate = {{18.02.2018}},
year = {2017}
}

@article{Gruber2008,
author = {Gruber, Marc and MacMillan, Ian C. and Thompson, James D.},
doi = {10.1287/mnsc.1080.0877},
journal = {Management Science},
number = {9},
pages = {1652--1665},
title = {{Look Before You Leap: Market Opportunity Identification in Emerging Technology Firms}},
volume = {54},
year = {2008}
}

@article{Jaffe1989,
author = {Jaffe, Adam B.},
doi = {10.2307/1831431},
journal = {The American Economic Review},
number = {5},
pages = {957--970},
title = {{Real Effects of Academic Research}},
volume = {79},
year = {1989}
}

@inproceedings{Jarvenpaa2008,
author = {J{\"{a}}rvenp{\"{a}}{\"{a}}, H. and M{\"{a}}kinen, S. J.},
booktitle = {{The IEEE International Conference on Industrial Engineering and Engineering Management}},
doi = {10.1109/IEEM.2008.4737823},
keywords = {Hype Cycle,Technological evolution,Technology life cycle},
pages = {12--16},
publisher = {IEEE},
organization={IEEM 2008},
title = {{Empirically detecting the Hype Cycle with the life cycle indicators: An exploratory analysis of three technologies}},
year = {2008}
}

@article{Jolly2003,
author = {Jolly, Dominique},
doi = {10.1016/S0166-4972(02)00157-8},
journal = {Technovation},
number = {5},
pages = {383--391},
publisher = {Elsevier},
title = {{The issue of weightings in technology portfolio management}},
volume = {23},
year = {2003}
}

@inbook{Lawson1985,
author = {Lawson, Harry W.},
title = {Research and Development},
bookTitle = {Standards for Fats {\&} Oils},
year = {1985},
publisher = {Springer New York},
address = {Boston, MA},
pages = {207--219},
isbn = {978-1-4684-6876-2},
doi = {10.1007/978-1-4684-6876-2_15}
}

@article{Mansfield1991,
author = {Mansfield, Edwin},
doi = {10.1016/0048-7333(91)90080-A},
journal = {Research Policy},
number = {1},
pages = {1--12},
publisher = {North-Holland},
title = {{Academic Research and Industrial Innovation}},
volume = {20},
year = {1991}
}

@article{Nelson1986,
author = {Nelson, Richard R.},
doi = {10.2307/1818761},
journal = {American Economic Review},
number = {2},
pages = {186--189},
title = {{Institutions supporting technical advance in industry}},
volume = {76},
year = {1986}
}

@article{OLeary2008,
author = {O'Leary, Daniel E.},
doi = {10.1016/j.accinf.2008.09.001},
journal = {International Journal of Accounting Information Systems},
keywords = {Accounting information systems,Hype cycle,Information systems,Research issues,Research opportunities},
number = {4},
pages = {240--252},
publisher = {Pergamon},
title = {{Gartner's hype cycle and information system research issues}},
volume = {9},
year = {2008}
}

@book{Porter1985,
author = {Porter, Michael E.},
title = {{Competitive Advantage: Creating and Sustaining Superior Performance}},
publisher = {Free Press},
year = {1985},
address = {New York},
isbn = {0-7432-6087-2}
}

@article{Spell1999,
author = {Spell, Chester S.},
doi = {10.1108/13552529910288127},
journal = {Journal of Management History},
number = {6},
pages = {334--348},
title = {{Where do management fashions come from, and how long do they stay?}},
volume = {5},
year = {1999}
}

@inproceedings{Steinert2010,
title={Scrutinizing Gartner's hype cycle approach},
author={Steinert, Martin and Leifer, Larry},
booktitle={{Technology Management for Global Economic Growth}},
pages={1--13},
year={2010},
publisher={IEEE},
organization={PICMET '10},
ISSN={2159-5100}
}

@article{Tegarden2012,
author = {Tegarden, Linda F. and Lamb, William B. and Hatfield, Donald E. and Ji, Fiona Xiaoying},
doi = {10.1109/TEM.2011.2170690},
journal = {IEEE Transactions on Engineering Management},
number = {4},
pages = {598--608},
title = {{Bringing Emerging Technologies to Market: Does Academic Research Promote Commercial Exploration and Exploitation?}},
volume = {59},
year = {2012}
}